@inproceedings{medvinsky1993netcash,
  title={NetCash: A design for practical electronic currency on the Internet},
  author={Medvinsky, Gennady and Neuman, Clifford},
  booktitle={Proceedings of the 1st ACM Conference on Computer and Communications Security},
  pages={102--106},
  year={1993},
  publisher={ACM},
  address={New York}
}

@inproceedings{bellare1993random,
  title={Random oracles are practical: A paradigm for designing efficient protocols},
  author={Bellare, Mihir and Rogaway, Phillip},
  booktitle={Proceedings of the 1st ACM Conference on Computer and Communications Security},
  pages={62--73},
  year={1993},
  publisher={ACM},
  address={New York}  
}

@inproceedings{blaze1993cryptographic,
  title={A cryptographic file system for UNIX},
  author={Blaze, Matt},
  booktitle={Proceedings of the 1st ACM Conference on Computer and Communications Security},
  pages={9--16},
  year={1993},
  publisher={ACM},
  address={New York}
}

% Added by 

@inproceedings{mashima2012evaluating,
  title={Evaluating electricity theft detectors in smart grid networks},
  author={Mashima, Daisuke and C{\'a}rdenas, Alvaro A},
  booktitle={International Workshop on Recent Advances in Intrusion Detection},
  pages={210--229},
  year={2012},
  organization={Springer}
}

@inproceedings{miao2014coding,
  title={Coding sensor outputs for injection attacks detection},
  author={Miao, Fei and Zhu, Quanyan and Pajic, Miroslav and Pappas, George J},
  booktitle={Decision and Control (CDC), 2014 IEEE 53rd Annual Conference on},
  pages={5776--5781},
  year={2014},
  organization={IEEE}
}

@inproceedings{kwon2013security,
  title={Security analysis for cyber-physical systems against stealthy deception attacks},
  author={Kwon, Cheolhyeon and Liu, Weiyi and Hwang, Inseok},
  booktitle={American Control Conference (ACC), 2013},
  pages={3344--3349},
  year={2013},
  organization={IEEE}
}

@inproceedings{hou2015false,
  title={False data injection attacks for a class of output tracking control systems},
  author={Hou, Fangyuan and Pang, Zhonghua and Zhou, Yuguo and Sun, Dehui},
  booktitle={Control and Decision Conference (CCDC), 2015 27th Chinese},
  pages={3319--3323},
  year={2015},
  organization={IEEE}
}

@inproceedings{mclaughlin2013cps,
  title={CPS: Stateful policy enforcement for control system device usage},
  author={McLaughlin, Stephen},
  booktitle={Proceedings of the 29th Annual Computer Security Applications Conference},
  pages={109--118},
  year={2013},
  organization={ACM}
}

@inproceedings{hadvziosmanovic2014through,
  title={Through the eye of the PLC: semantic security monitoring for industrial processes},
  author={Had{\v{z}}iosmanovi{\'c}, Dina and Sommer, Robin and Zambon, Emmanuele and Hartel, Pieter H},
  booktitle={Proceedings of the 30th Annual Computer Security Applications Conference},
  pages={126--135},
  year={2014},
  organization={ACM}
}

@inproceedings{hadvziosmanovic2012n,
  title={N-gram against the machine: On the feasibility of the n-gram network analysis for binary protocols},
  author={Had{\v{z}}iosmanovi{\'c}, Dina and Simionato, Lorenzo and Bolzoni, Damiano and Zambon, Emmanuele and Etalle, Sandro},
  booktitle={International Workshop on Recent Advances in Intrusion Detection},
  pages={354--373},
  year={2012},
  organization={Springer}
}

@article{mitchell2014survey,
  title={A survey of intrusion detection techniques for cyber-physical systems},
  author={Mitchell, Robert and Chen, Ing-Ray},
  journal={ACM Computing Surveys (CSUR)},
  volume={46},
  number={4},
  pages={55},
  year={2014},
  publisher={ACM}
}

@inproceedings{berthier2011specification,
  title={Specification-based intrusion detection for advanced metering infrastructures},
  author={Berthier, Robin and Sanders, William H},
  booktitle={2011 17th IEEE Pacific Rim International Symposium on Dependable Computing},
  pages={184--193},
  year={2011},
  organization={IEEE}
}

@inproceedings{ali2013configuration,
  title={Configuration-based IDS for advanced metering infrastructure},
  author={Ali, Muhammad Qasim and Al-Shaer, Ehab},
  booktitle={Proceedings of the 2013 ACM SIGSAC conference on Computer \& communications security},
  pages={451--462},
  year={2013},
  organization={ACM}
}

@inproceedings{cheung2007using,
  title={Using model-based intrusion detection for SCADA networks},
  author={Cheung, Steven and Dutertre, Bruno and Fong, Martin and Lindqvist, Ulf and Skinner, Keith and Valdes, Alfonso},
  booktitle={Proceedings of the SCADA security scientific symposium},
  volume={46},
  pages={1--12},
  year={2007},
  organization={Citeseer}
}

@article{langner2011stuxnet,
  title={Stuxnet: Dissecting a cyberwarfare weapon},
  author={Langner, Ralph},
  journal={IEEE Security \& Privacy},
  volume={9},
  number={3},
  pages={49--51},
  year={2011},
  publisher={IEEE}
}


@article{falliere2011w32,
  title={W32. stuxnet dossier},
  author={Falliere, Nicolas and Murchu, Liam O and Chien, Eric},
  journal={White paper, Symantec Corp., Security Response},
  volume={5},
  number={6},
  pages={29},
  year={2011}
}

@inproceedings{gerdes2013cps,
  title={CPS: an efficiency-motivated attack against autonomous vehicular transportation},
  author={Gerdes, Ryan M and Winstead, Chris and Heaslip, Kevin},
  booktitle={Proceedings of the 29th Annual Computer Security Applications Conference},
  pages={99--108},
  year={2013},
  organization={ACM}
}


@inproceedings{tan2013impact,
  title={Impact of integrity attacks on real-time pricing in smart grids},
  author={Tan, Rui and Badrinath Krishna, Varun and Yau, David KY and Kalbarczyk, Zbigniew},
  booktitle={Proceedings of the 2013 ACM SIGSAC conference on Computer \& communications security},
  pages={439--450},
  year={2013},
  organization={ACM}
}

@inproceedings{shokri2011quantifying,
  title={Quantifying location privacy},
  author={Shokri, Reza and Theodorakopoulos, George and Le Boudec, Jean-Yves and Hubaux, Jean-Pierre},
  booktitle={2011 IEEE symposium on security and privacy},
  pages={247--262},
  year={2011},
  organization={IEEE}
}

@inproceedings{hoh2008virtual,
  title={Virtual trip lines for distributed privacy-preserving traffic monitoring},
  author={Hoh, Baik and Gruteser, Marco and Herring, Ryan and Ban, Jeff and Work, Daniel and Herrera, Juan-Carlos and Bayen, Alexandre M and Annavaram, Murali and Jacobson, Quinn},
  booktitle={Proceedings of the 6th international conference on Mobile systems, applications, and services},
  pages={15--28},
  year={2008},
  organization={ACM}
}

@article{jawurek2012sok,
  title={Sok: Privacy technologies for smart grids--a survey of options},
  author={Jawurek, Marek and Kerschbaum, Florian and Danezis, George},
  journal={Microsoft Res., Cambridge, UK},
  year={2012}
}


@inproceedings{mclaughlin2012sabot,
  title={SABOT: specification-based payload generation for programmable logic controllers},
  author={McLaughlin, Stephen and McDaniel, Patrick},
  booktitle={Proceedings of the 2012 ACM conference on Computer and communications security},
  pages={439--449},
  year={2012},
  organization={ACM}
}

@inproceedings{lemay2009cumulative,
  title={Cumulative attestation kernels for embedded systems},
  author={LeMay, Michael and Gunter, Carl A},
  booktitle={European Symposium on Research in Computer Security},
  pages={655--670},
  year={2009},
  organization={Springer}
}

@inproceedings{mclaughlin2014trusted,
  title={A Trusted Safety Verifier for Process Controller Code.},
  author={McLaughlin, Stephen E and Zonouz, Saman A and Pohly, Devin J and McDaniel, Patrick D},
  booktitle={NDSS},
  volume={14},
  year={2014}
}

@article{conotter2012exposing,
  title={Exposing digital forgeries in ballistic motion},
  author={Conotter, Valentina and O'Brien, James F and Farid, Hany},
  journal={IEEE Transactions on Information Forensics and Security},
  volume={7},
  number={1},
  pages={283--296},
  year={2012},
  publisher={IEEE}
}

@inproceedings{cardenas2011attacks,
  title={Attacks against process control systems: risk assessment, detection, and response},
  author={C{\'a}rdenas, Alvaro A and Amin, Saurabh and Lin, Zong-Syun and Huang, Yu-Lun and Huang, Chi-Yen and Sastry, Shankar},
  booktitle={Proceedings of the 6th ACM symposium on information, computer and communications security},
  pages={355--366},
  year={2011},
  organization={ACM}
}

@inproceedings{miao2014coding,
  title={Coding sensor outputs for injection attacks detection},
  author={Miao, Fei and Zhu, Quanyan and Pajic, Miroslav and Pappas, George J},
  booktitle={Decision and Control (CDC), 2014 IEEE 53rd Annual Conference on},
  pages={5776--5781},
  year={2014},
  organization={IEEE}
}

@inproceedings{kwon2013security,
  title={Security analysis for cyber-physical systems against stealthy deception attacks},
  author={Kwon, Cheolhyeon and Liu, Weiyi and Hwang, Inseok},
  booktitle={American Control Conference (ACC), 2013},
  pages={3344--3349},
  year={2013},
  organization={IEEE}
}

@inproceedings{hou2015false,
  title={False data injection attacks for a class of output tracking control systems},
  author={Hou, Fangyuan and Pang, Zhonghua and Zhou, Yuguo and Sun, Dehui},
  booktitle={Control and Decision Conference (CCDC), 2015 27th Chinese},
  pages={3319--3323},
  year={2015},
  organization={IEEE}
}

@inproceedings{bai2015security,
  title={Security in stochastic control systems: Fundamental limitations and performance bounds},
  author={Bai, Cheng-Zong and Pasqualetti, Fabio and Gupta, Vijay},
  booktitle={American Control Conference (ACC), 2015},
  pages={195--200},
  year={2015},
  organization={IEEE}
}


@inproceedings{bai2014kalman,
  title={On Kalman filtering in the presence of a compromised sensor: Fundamental performance bounds},
  author={Bai, Cheng-Zong and Gupta, Vijay},
  booktitle={American Control Conference (ACC), 2014},
  pages={3029--3034},
  year={2014},
  organization={IEEE}
}

@inproceedings{yong2016robust,
  title={Robust and resilient estimation for cyber-physical systems under adversarial attacks},
  author={Yong, Sze Zheng and Foo, Ming Qing and Frazzoli, Emilio},
  booktitle={American Control Conference (ACC), 2016},
  pages={308--315},
  year={2016},
  organization={IEEE}
}

@article{mishra2017secure,
  title={Secure state estimation against sensor attacks in the presence of noise},
  author={Mishra, Shaunak and Shoukry, Yasser and Karamchandani, Nikhil and Diggavi, Suhas N and Tabuada, Paulo},
  journal={IEEE Transactions on Control of Network Systems},
  volume={4},
  number={1},
  pages={49--59},
  year={2017},
  publisher={IEEE}
}

@article{shoukry2018smt,
  title={SMT-based observer design for cyber-physical systems under sensor attacks},
  author={Shoukry, Yasser and Chong, Michelle and Wakaiki, Masashi and Nuzzo, Pierluigi and Sangiovanni-Vincentelli, Alberto and Seshia, Sanjit A and Hespanha, Joao P and Tabuada, Paulo},
  journal={ACM Transactions on Cyber-Physical Systems},
  volume={2},
  number={1},
  pages={5},
  year={2018},
  publisher={ACM}
}

@article{amin2013cyber1,
  title={Cyber security of water SCADA systems—Part I: Analysis and experimentation of stealthy deception attacks},
  author={Amin, Saurabh and Litrico, Xavier and Sastry, Shankar and Bayen, Alexandre M},
  journal={IEEE Transactions on Control Systems Technology},
  volume={21},
  number={5},
  pages={1963--1970},
  year={2013},
  publisher={IEEE}
}

@article{amin2013cyber2,
  title={Cyber security of water SCADA systems—Part II: Attack detection using enhanced hydrodynamic models},
  author={Amin, Saurabh and Litrico, Xavier and Sastry, S Shankar and Bayen, Alexandre M},
  journal={IEEE Transactions on Control Systems Technology},
  volume={21},
  number={5},
  pages={1679--1693},
  year={2013},
  publisher={IEEE}
}

@article{kerns2014unmanned,
  title={Unmanned aircraft capture and control via GPS spoofing},
  author={Kerns, Andrew J and Shepard, Daniel P and Bhatti, Jahshan A and Humphreys, Todd E},
  journal={Journal of Field Robotics},
  volume={31},
  number={4},
  pages={617--636},
  year={2014},
  publisher={Wiley Online Library}
}

@article{liu2011false,
  title={False data injection attacks against state estimation in electric power grids},
  author={Liu, Yao and Ning, Peng and Reiter, Michael K},
  journal={ACM Transactions on Information and System Security (TISSEC)},
  volume={14},
  number={1},
  pages={13},
  year={2011},
  publisher={ACM}
}

@inproceedings{davis2012power,
  title={Power flow cyber attacks and perturbation-based defense},
  author={Davis, Katherine R and Morrow, Kate L and Bobba, Rakesh and Heine, Erich},
  booktitle={Smart Grid Communications (SmartGridComm), 2012 IEEE Third International Conference on},
  pages={342--347},
  year={2012},
  organization={IEEE}
}

@inproceedings{morrow2012topology,
  title={Topology perturbation for detecting malicious data injection},
  author={Morrow, Kate L and Heine, Erich and Rogers, Katherine M and Bobba, Rakesh B and Overbye, Thomas J},
  booktitle={System Science (HICSS), 2012 45th Hawaii International Conference on},
  pages={2104--2113},
  year={2012},
  organization={IEEE}
}

@inproceedings{valente2017remote,
  title={Remote Proofs of Video Freshness for Public Spaces},
  author={Valente, Junia and Cardenas, Alvaro A},
  booktitle={Proceedings of the 2017 Workshop on Cyber-Physical Systems Security and PrivaCy},
  pages={111--122},
  year={2017},
  organization={ACM}
}

@inproceedings{valente2015using,
  title={Using visual challenges to verify the integrity of security cameras},
  author={Valente, Junia and C{\'a}rdenas, Alvaro A},
  booktitle={Proceedings of the 31st Annual Computer Security Applications Conference},
  pages={141--150},
  year={2015},
  organization={ACM}
}

@inproceedings{shoukry2015pycra,
  title={Pycra: Physical challenge-response authentication for active sensors under spoofing attacks},
  author={Shoukry, Yasser and Martin, Paul and Yona, Yair and Diggavi, Suhas and Srivastava, Mani},
  booktitle={Proceedings of the 22nd ACM SIGSAC Conference on Computer and Communications Security},
  pages={1004--1015},
  year={2015},
  organization={ACM}
}

@article{mo2014detecting,
  title={Detecting integrity attacks on SCADA systems},
  author={Mo, Yilin and Chabukswar, Rohan and Sinopoli, Bruno},
  journal={IEEE Transactions on Control Systems Technology},
  volume={22},
  number={4},
  pages={1396--1407},
  year={2014},
  publisher={IEEE}
}


@article{mo2015physical,
  title={Physical authentication of control systems: Designing watermarked control inputs to detect counterfeit sensor outputs},
  author={Mo, Yilin and Weerakkody, Sean and Sinopoli, Bruno},
  journal={IEEE Control Systems},
  volume={35},
  number={1},
  pages={93--109},
  year={2015},
  publisher={IEEE}
}

@inproceedings{mo2009secure,
  title={Secure control against replay attacks},
  author={Mo, Yilin and Sinopoli, Bruno},
  booktitle={Communication, Control, and Computing, 2009. Allerton 2009. 47th Annual Allerton Conference on},
  pages={911--918},
  year={2009},
  organization={IEEE}
}

@inproceedings{wex2008trust,
  title={Trust issues for vehicular ad hoc networks},
  author={Wex, Philipp and Breuer, Jochen and Held, Albert and Leinmuller, Tim and Delgrossi, Luca},
  booktitle={Vehicular Technology Conference, 2008. VTC Spring 2008. IEEE},
  pages={2800--2804},
  year={2008},
  organization={IEEE}
}

@article{yan2008providing,
  title={Providing VANET security through active position detection},
  author={Yan, Gongjun and Olariu, Stephan and Weigle, Michele C},
  journal={Computer communications},
  volume={31},
  number={12},
  pages={2883--2897},
  year={2008},
  publisher={Elsevier}
}

@inproceedings{bismeyer2012assessment,
  title={Assessment of node trustworthiness in vanets using data plausibility checks with particle filters},
  author={Bismeyer, Norbert and Mauthofer, Sebastian and Bayarou, Kpatcha M and Kargl, Frank},
  booktitle={Vehicular Networking Conference (VNC), 2012 IEEE},
  pages={78--85},
  year={2012},
  organization={IEEE}
}

@inproceedings{anderson1993cryptosystems,
  title={Why cryptosystems fail},
  author={Anderson, Ross},
  booktitle={Proceedings of the 1st ACM Conference on Computer and Communications Security},
  pages={215--227},
  year={1993},
  publisher={ACM},
  address={New York}
}

@inproceedings{hong2008sat,
  title={SAT: situation-aware trust architecture for vehicular networks},
  author={Hong, Xiaoyan and Huang, Dijiang and Gerla, Mario and Cao, Zhen},
  booktitle={Proceedings of the 3rd international workshop on Mobility in the evolving internet architecture},
  pages={31--36},
  year={2008},
  organization={ACM}
}


@inproceedings{liao2013trust,
  title={A trust model for vehicular network-based incident reports},
  author={Liao, Cong and Chang, Jian and Lee, Insup and Venkatasubramanian, Krishna K},
  booktitle={Wireless Vehicular Communications (WiVeC), 2013 IEEE 5th International Symposium on},
  pages={1--5},
  year={2013},
  organization={IEEE}
}

@Inbook{Thrun2008,
author="Thrun, Sebastian",
editor="Jefferies, Margaret E.
and Yeap, Wai-Kiang",
title="Simultaneous Localization and Mapping",
bookTitle="Robotics and Cognitive Approaches to Spatial Mapping",
year="2008",
publisher="Springer Berlin Heidelberg",
address="Berlin, Heidelberg",
pages="13--41",
abstract="This article provides a comprehensive introduction into the simultaneous localization and mapping problem, better known in its abbreviated form as SLAM. SLAM addresses the problem of a robot navigating an unknown environment. While navigating the environment, the robot seeks to acquire a map thereof, and at the same time it wishes to localize itself using its map. The use of SLAM problems can be motivated in two different ways. One might be interested in detailed environment models, or one might seek to maintain an accurate sense of a mobile robot's location. SLAM servers both of these purposes.",
isbn="978-3-540-75388-9",
doi="10.1007/978-3-540-75388-9_3",
url="https://doi.org/10.1007/978-3-540-75388-9_3"
}

